@misc{sig_net,
  doi = {10.48550/ARXIV.1707.02131},
  url = {https://arxiv.org/abs/1707.02131},
  author = {Dey, Sounak and Dutta, Anjan and Toledo, J. Ignacio and Ghosh, Suman K. and Llados, Josep and Pal, Umapada},
  keywords = {Computer Vision and Pattern Recognition (cs.CV), FOS: Computer and information sciences, FOS: Computer and information sciences},
  title = {SigNet: Convolutional Siamese Network for Writer Independent Offline Signature Verification},
  publisher = {arXiv},
  year = {2017},
  copyright = {arXiv.org perpetual, non-exclusive license}
}

@misc{FGSM,
  doi = {10.48550/ARXIV.1412.6572},
  url = {https://arxiv.org/abs/1412.6572},
  author = {Goodfellow, Ian J. and Shlens, Jonathon and Szegedy, Christian},
  keywords = {Machine Learning (stat.ML), Machine Learning (cs.LG), FOS: Computer and information sciences, FOS: Computer and information sciences},
  title = {Explaining and Harnessing Adversarial Examples},
  publisher = {arXiv},
  year = {2014},
  copyright = {arXiv.org perpetual, non-exclusive license}
}

@misc{GitHub_sounakdey,
  author = {Sounak Dey},
  title = {SigNet},
  year = {2017},
  publisher = {GitHub},
  journal = {GitHub repository},
  howpublished = {\url{https://github.com/sounakdey/SigNet/blob/master/SigNet_v1.py}},
}

@misc{GitHub_signet_pytorch,
  author = {Loi Ly},
  title = {Signet-Pytorch},
  year = {2021},
  publisher = {GitHub},
  journal = {GitHub repository},
  howpublished = {\url{https://github.com/VinhLoiIT/signet-pytorch}},
}
